@inproceedings{noto2000method,
  title={A method for the shortest path search by extended Dijkstra algorithm},
  author={Noto, Masato and Sato, Hiroaki},
  booktitle={Smc 2000 conference proceedings. 2000 ieee international conference on systems, man and cybernetics.'cybernetics evolving to systems, humans, organizations, and their complex interactions'(cat. no. 0},
  volume={3},
  pages={2316--2320},
  year={2000},
  organization={IEEE}
}